Automatically generated by Mendeley Desktop 1.19.2
Any changes to this file will be lost if it is regenerated by Mendeley.

BibTeX export options can be customized via Options -> BibTeX in Mendeley Desktop

@misc{Aarshay,
author = {Aarshay, Jain},
title = {{A Complete Tutorial on Ridge and Lasso Regression in Python}},
url = {https://www.analyticsvidhya.com/blog/2016/01/complete-tutorial-ridge-lasso-regression-python/{\#}four},
urldate = {2018-10-07}
}
@misc{Sunil,
author = {Sunil, Ray},
title = {{7 Types of Regression Techniques you should know}},
url = {https://www.analyticsvidhya.com/blog/2015/08/comprehensive-guide-regression/},
urldate = {2018-10-07}
}
@misc{Hjorth_Jensen,
author = {Hjorth{\_}Jensen, Morten},
title = {{Overview of course material: Data Analysis and Machine Learning}},
url = {https://compphysics.github.io/MachineLearning/doc/web/course.html},
urldate = {2018-10-07}
}
